@misc{doc:nanobox,
	title={Nanobox Documentation},
	howpublished="\url{https://docs.nanobox.io/}"
}

@misc{gnu-choose,
	title={How to choose a license for your own work},
	howpublished="\url{https://www.gnu.org/licenses/license-recommendations.en.html}"
}

@misc{gpl3,
	title={GNU General Public License v3.0},
	howpublished="\url{https://www.gnu.org/licenses/gpl-3.0.en.html}"
}

@misc{seguridad-social,
	title = "{Seguridad Social: Bases y tipos de cotización 2018}",
	howpublished = 
	"\url{http://www.seg-social.es/Internet_1/Trabajadores/CotizacionRecaudaci10777/Basesytiposdecotiza36537/index.htm}
}

@misc{pycharm-price,
	title="{PyCharm: JetBrains toolbox Subscription}",
	howpublished="\url{https://www.jetbrains.com/pycharm/buy/#edition=personal}"
}

@misc{gitkraken-price,
	title="{GitKraken Pricing}",
	howpublished="\url{https://www.gitkraken.com/pricing}"
}

@misc{digital-price,
	title="{Digital Ocean Pricing}",
	howpublished="\url{https://www.digitalocean.com/pricing/}"
}

@misc{wiki:freemium,
	author = "Wikipedia",
	title = "Freemium --- Wikipedia{,} La enciclopedia libre",
	year = "2018",
	howpublished = 
	"\url{https://es.wikipedia.org/w/index.php?title=Freemium&oldid=106331717}",
	note = "[Internet; descargado 27-junio-2018]"
}

@misc{unittest,
	title={Unit testing framweork},
	howpublished="\url{https://docs.python.org/3/library/unittest.html}"
}

@misc{ wiki:mvc,
	author = "Wikipedia",
	title = "Modelo–vista–controlador --- Wikipedia{,} La enciclopedia libre",
	year = "2018",
	url = 
	"\url{https://es.wikipedia.org/w/index.php?title=Modelo%E2%80%93vista%E2%80%93controlador&oldid=108445325}",
	note = "[Internet; descargado 27-junio-2018]"
}