@misc {susana-ubu,
	title        = "{Susana Jorge Villar | CV Docente}",
	howpublished =
	"\url{http://apps.ubu.es/profesorado/cv.php?docente=seju@ubu.es}"
}

@misc {susana-cenieh,
	title        = "{Susana Jorge Villar | CENIEH - Centro Nacional de
	Investigación sobre la Evolución Humana}",
	howpublished = "\url{http://www.cenieh.es/es/personal/susana-jorge-villar}"
}

@misc {what-is-raman,
	title        = "{What is Raman Spectroscopy? | Nanophoton}",
	howpublished =
	"\url{https://www.nanophoton.net/raman/raman-spectroscopy.html}"
}

@misc{ wiki:raman-scatter,
	author = "{Wikipedia contributors}",
	title = "Raman scattering --- {Wikipedia}{,} The Free Encyclopedia",
	year = "2018",
	howpublished =
	
	"\url{https://en.wikipedia.org/w/index.php?title=Raman_scattering&oldid=841233599}",
	note = "[Online; accedido 25-May-2018]"
}

@misc {raman-basics,
	author       = "Priceton Instruments",
	title        = "{Raman Spectroscopy Basics}",
	howpublished =
	
	"\url{http://web.pdx.edu/~larosaa/Applied_Optics_464-564/Projects_Optics/Raman_Spectrocopy/Raman_Spectroscopy_Basics_PRINCETON-INSTRUMENTS.pdf}"
}

@misc{ wiki:raman-en,
	author = "{Wikipedia contributors}",
	title = "Raman spectroscopy --- {Wikipedia}{,} The Free Encyclopedia",
	year = "2018",
	howpublished =
	
	"\url{https://en.wikipedia.org/w/index.php?title=Raman_spectroscopy&oldid=839660612}",
	note = "[Online; accedido 25-May-2018]"
}

@MISC {quora:raman-geology,
	author       = "Supratim Dey",
	title        = "How is Raman spectroscopy useful to geology?",
	howpublished =
	"\url{https://www.quora.com/How-is-Raman-spectroscopy-useful-to-geology}",
	year         = "2015",
	note         = "[Online; accedido 25-May-2018]"
}

@article{art:skspec,
	author = {Hughes, Adam and Reeves, Mark and Liu, Zhaowen},
	year = {2015},
	month = {06},
	pages = {},
	title = {Scikit-spectra: Explorative Spectroscopy in Python},
	volume = {3},
	journal = {Journal of Open Research Software}
}

@book{grinberg2014flask,
	title={Flask Web Development: Developing Web Applications with Python},
	author={Grinberg, Miguel},
	isbn={9781491947616},
	url={https://books.google.es/books?id=VKRwAwAAQBAJ},
	year={2014},
	publisher={O'Reilly Media}
}

@misc{grinberg-mega-legacy,
	title="{The Flask Mega-Tutorial Legacy}",
	author={Grinberg, Miguel},
	year={2012},
	howpublished="\url{https://blog.miguelgrinberg.com/post/the-flask-mega-tutorial-part-i-hello-world-legacy}"
}

@misc{grinberg-mega,
	title="{The Flask Mega-Tutorial}",
	author={Grinberg, Miguel},
	year={2017},
	howpublished="\url{https://blog.miguelgrinberg.com/post/the-flask-mega-tutorial-part-i-hello-world}"
}

@misc{exploreflask,
	title={Explore Flask},
	author={Picard, Robert},
	year={2014},
	howpublished="\url{https://exploreflask.com/en/latest/}"
}

@misc{mdn,
	title ="{MDN Wen Docs}",
	author={Mozilla},
	howpublished="\url{https://developer.mozilla.org/en-US/}"
}

@misc{w3schools,
	title ="{W3Schools}",
	howpublished="\url{https://www.w3schools.com/}",
}

@misc{doc:bootstrap,
	title={Bootstrap Documentation},
	author={Bootstrap Contibutors},
	howpublished="\url{https://getbootstrap.com/docs/3.3/}"
}

@misc{doc:flask,
	title={Flask Documentation},
	howpublished="\url{http://flask.pocoo.org/docs/1.0/}"
}

@misc{doc:nanobox,
	title={Nanobox Documentation},
	howpublished="\url{https://docs.nanobox.io/}"
}

@misc{doc:pymongo,
	title={Pymongo Documentation},
	howpublished="\url{https://api.mongodb.com/python/3.6.1/}"
}

@misc{doc:dash,
	title={Dash User Guide},
	howpublished="\url{https://dash.plot.ly/}"
}

@misc{doc:plotly,
	title={Plotly User Guide},
	howpublished="\url{https://plot.ly/python/user-guide/}"
}
